@article{tashiro2022xrism,
  author={Tashiro, Makoto S},
  journal={\textit{\IJMPD}},
  volume={31},
  number={2},
  pages={223},
  year={2022}
}

@article{baluev2008assessing,
  author={Baluev, Roman V},
  journal={\textit{\MNRAS}},
  volume={385},
  number={3},
  pages={1279},
  year={2008}
}

@article{lomb1976least,
  author={Lomb, Nicholas R},
  journal={\textit{\ASS}},
  volume={39},
  number={2},
  pages={447},
  year={1976}
}

@article{scargle1982studies,
  author={Scargle, Jeffrey D},
  journal={\textit{\ApJ}},
  volume={263},
  number={1},
  pages={835},
  year={1982}
}

@article{schuster1898investigation,
  author={Schuster, Arthur},
  journal={\textit{\TerMag}},
  volume={3},
  number={1},
  pages={13},
  year={1898}
}

@article{vanderplas2018understanding,
  author={VanderPlas, Jacob T},
  journal={\textit{\ApJSS}},
  volume={236},
  number={1},
  pages={16},
  year={2018}
}

@article{dere1997chianti,
  author={Dere, K P and Landi, E and Mason, H E and Fossi, B C Monsignori and Young, P R},
  journal={\textit{\AnASS}},
  volume={125},
  number={1},
  pages={149},
  year={1997}
}

@article{paerels2003high,
  author={Paerels, Frederik B S and Kahn, Steven M},
  journal={\textit{\ARAA}},
  volume={41},
  number={1},
  pages={291},
  year={2003}
}

@article{weisskopf2000chandra,
  author={Weisskopf, Martin C and Tananbaum, Harvey D and Van Speybroeck, Leon P and O'Dell, Stephen L},
  journal={\textit{\XrOIMthree}},
  volume={4012},
  number={1},
  pages={2},
  year={2000}
}

@article{tanaka1996x,
  author={Tanaka, Yasuo and Shibazaki, Noriaki},
  journal={\textit{\ARAA}},
  volume={34},
  number={1},
  pages={607},
  year={1996}
}

@article{giacconi1962evidence,
  author={Giacconi, Riccardo and Gursky, Herbert and Paolini, Frank R and Rossi, Bruno B},
  journal={\textit{\PRL}},
  volume={9},
  number={11},
  pages={439},
  year={1962}
}

@article{jansen2001xmm,
  author={Jansen, F and Lumb, D and Altieri, B and Clavel, J and Ehle, M and Erd, C and Gabriel, C and Guainazzi, M and Gondoin, P and Much, R and Munoz, R and Santos, M and Schartel, N and Texier, D and Vacanti, G},
  journal={\textit{\AnA}},
  volume={365},
  number={1},
  pages={L1},
  year={2001}
}

@manual{ehle2003xmm,
  title={XMM-Newton Users Handbook 2.1},
  author={Ehle, M and Breitfellner, M and Dahlem, M and Guainazzi, M and Rodriguez, P and Santos-Lleo, M and Schartel, N and Tomas, L},
  year={2003},
  note={Available at \url{http://xmm-tools.cosmos.esa.int/external/xmm_user_support/documentation/uhb/XMM_UHB.pdf}},
  organization={XMM-Newton Science Operations Centre},
}

@article{motch1994,
  author={Motch, C and Hasinger, G and Pietsch, W},
  journal={\textit{\AnA}},
  volume={284},
  number={3},
  pages={827},
  year={1994}
}

@article{hachisu2001,
  author={Hachisu, Izumi and Kato, Mariko},
  journal={\textit{\ApJ}},
  volume={558},
  number={1},
  pages={323},
  year={2001}
}

@article{paczynski80,
  author={Paczy\'{n}ski, B and Rudak, B},
  journal={\textit{\AnA}},
  volume={82},
  number={3},
  pages={349},
  year={1980}
}

@article{macdonald83,
  author={MacDonald, J},
  journal={\textit{\ApJ}},
  volume={267},
  number={1},
  pages={732},
  year={1983}
}

@article{prialnik95,
  author={Prialnik, Dina and Kovetz, Attay},
  journal={\textit{\ApJ}},
  volume={445},
  number={2},
  pages={789},
  year={1995}
}

@article{iben82,
  author={Iben Jr, Icko},
  journal={\textit{\ApJ}},
  volume={259},
  number={1},
  pages={244},
  year={1982}
}

@article{fujimoto82a,
  author={Fujimoto, M Y},
  journal={\textit{\ApJ}},
  volume={257},
  number={1},
  pages={752},
  year={1982}
}

@article{fujimoto82b,
  author={Fujimoto, M Y},
  journal={\textit{\ApJ}},
  volume={257},
  number={1},
  pages={767},
  year={1982}
}

@article{nomoto82,
  author={Nomoto, K},
  journal={\textit{\ApJ}},
  volume={253},
  number={1},
  pages={798},
  year={1982}
}

@article{sienkiewicz80,
  author={Sienkiewicz, R},
  journal={\textit{\AnA}},
  volume={85},
  number={3},
  pages={295},
  year={1980}
}

@article{sion79,
  author={Sion, E M and Acierno, M J and Tomczyk, S},
  journal={\textit{\ApJ}},
  volume={230},
  number={1},
  pages={832},
  year={1979}
}

@article{prialnik78,
  author={Prialnik, D and Shara, M M and Shaviv, G},
  journal={\textit{\AnA}},
  volume={62},
  number={3},
  pages={339},
  year={1978}
}

@article{paczynski78,
  author={Paczy\'{n}ski, B and Zytkow, A N},
  journal={\textit{\ApJ}},
  volume={222},
  number={1},
  pages={604},
  year={1978}
}

@article{van1992accreting,
  author={van den Heuvel, E P J and Bhattacharya, D and Nomoto, K and Rappaport, S A},
  journal={\textit{\AnA}},
  volume={262},
  number={1},
  pages={97},
  year={1992}
}

@article{kylafis93,
  author={Kylafis, N D and Xilouris, E M},
  journal={\textit{\AnA}},
  volume={278},
  number={2},
  pages={L43},
  year={1993}
}

@article{galiullin2021populations,
  author={Galiullin, I and Gilfanov, M},
  journal={\textit{\AnA}},
  volume={646},
  number={1},
  pages={A85},
  year={2021}
}

@article{sturm2012new,
  author={Sturm, R and Haberl, F and Pietsch, W and Coe, M J and Mereghetti, S and La Palombara, N and Owen, R A and Udalski, A},
  journal={\textit{\AnA}},
  volume={537},
  number={1},
  pages={A76},
  year={2012}
}

@article{henze2010recent,
  author={M Henze and W Pietsch and F Haberl and G Sala and M Hernanz and D Hatzidimitriou and A Rau and D H Hartmann and J Greiner and M Orio and H Stiele and M J Freyberg},
  journal={\textit{\ANAN}},
  volume={331},
  number={2},
  pages={193},
  year={2010}
}

@article{orio2010census,
  author={Orio, Marina and Nelson, Thomas and Bianchini, Antonio and Di Mille, Francesco and Harbeck, Daniel},
  journal={\textit{\ApJ}},
  volume={717},
  number={2},
  pages={739},
  year={2010}
}

@article{di2003luminous,
  author={Di Stefano, Rosanne and Kong, A K H},
  journal={\textit{\ApJ}},
  volume={592},
  number={2},
  pages={884},
  year={2003}
}

@article{pietsch2003deep,
  author={Pietsch, W and Ehle, M and Haberl, F and Misanovic, Zdenka and Trinchieri, G},
  journal={\textit{\ANAN}},
  volume={324},
  number={1},
  pages={85},
  year={2003}
}

@article{greiner2000,
  author={Greiner, Jochen},
  journal={\textit{\NA}},
  volume={5},
  number={3},
  pages={137},
  year={2000}
}

@article{steinerdiaz1998,
  author={Steiner, J E and Diaz, M P},
  journal={\textit{\PASP}},
  volume={110},
  number={745},
  pages={276},
  year={1998}
}

@inproceedings{kahabkatrumper1996,
  author={Kahabka, P and Trumper, J},
  booktitle={Symposium - International Astronomical Union},
  editor={van Paradijs, J and van den Heuvel, E P J and Kuulkers, Erik},
  volume={165},
  pages={425},
  year={1996}
}

@article{long81,
  author={Long, K S and Helfand, D J and Grabelsky, D A},
  journal={\textit{\ApJ}},
  volume={248},
  number={1},
  pages={925},
  year={1981}
}

@article{kahabka97,
  author={Kahabka, P and van den Heuvel, E P J},
  journal={\textit{\ARAA}},
  volume={35},
  number={1},
  pages={69},
  year={1997}
}

@inbook{kahabka06,
  author={Kahabka, P and van den Heuvel, E P J},
  booktitle={Compact Stellar X-ray Sources},
  editor={Lewin, W and van der Klis, M},
  series={\textit{Cambridge Astrophysics Series}},
  number={\textbf{39}},
  pages={461},
  year={2006}
}

@article{greiner1991rosat,
  author={Greiner, J and Hasinger, G and Kahabka, P},
  journal={\textit{\AnA}},
  volume={246},
  number={1},
  pages={L17},
  year={1991}
}

@article{trumper1991x,
  author={Tr\"{u}mper, J and Hasinger, G and Aschenbach, B and Br\"{a}uninger, H and Briel, U G and Burkert, W and Fink, H and Pfeffermann, E and Pietsch, W and Predehl, P and Schmitt, J H M M and Voges, W and Zimmermann, U and Beuermann, K},
  journal={\textit{\Nat}},
  volume={349},
  number={6310},
  pages={579},
  year={1991}
}

@article{ness2013obscuration,
  author={Ness, J-U and Osborne, J P and Henze, M and Dobrotka, A and Drake, J J and Ribeiro, V A R M and Starrfield, S and Kuulkers, E and Behar, E and Hernanz, M and Schwarz, G and Page, K L and Beardmore, A P and Bode, M F},
  journal={\textit{\AnA}},
  volume={559},
  number={1},
  pages={A50},
  year={2013}
}

@article{auer1970non,
  author={Auer, L H and Mihalas, Dimitri},
  journal={\textit{\ApJ}},
  volume={160},
  number={1},
  pages={233},
  year={1970}
}

@inproceedings{hubeny2003accelerated,
  author={Hubeny, I},
  booktitle={Stellar Atmosphere Modeling},
  editor={Hubeny, I and Mihalas, D and Werner, K},
  volume={288},
  pages={17},
  year={2003}
}

@book{hubeny2014theory,
  author={Hubeny, Ivan and Mihalas, Dimitri},
  title={Theory of Stellar Atmospheres: An Introduction to Astrophysical Non-equilibrium Quantitative Spectroscopic Analysis},
  publisher={Princeton University Press},
  year = {2014}
}

@article{lemke1997extended,
  author={Lemke, M},
  journal={\textit{\AnASS}},
  volume={122},
  number={2},
  pages={285},
  year={1997}
}

@article{werner1999classical,
  author={Werner, Klaus and Dreizler, Stefan},
  journal={\textit{\JCAM}},
  volume={109},
  number={1},
  pages={65},
  year={1999}
}

@article{rauch2003grid,
  author={Rauch, Thomas},
  journal={\textit{\AnA}},
  volume={403},
  number={2},
  pages={709},
  year={2003}
}

@article{rauch2010nlte,
  author={Rauch, T and Orio, M and Gonzales-Riestra, R and Nelson, T and Still, M and Werner, K and Wilms, J},
  journal={\textit{\ApJ}},
  volume={717},
  number={1},
  pages={363},
  year={2010}
}

@inproceedings{rauch2000nlte,
  author={Rauch, Thomas and Deetjen, Jochen L and Dreizler, Stefan and Werner, Klaus},
  booktitle={International Astronomical Union Symposium 195},
  editor={Martens, P C H and Tsuruta, S and Weber, M A},
  volume={195},
  pages={423},
  year={2000}
}

@article{hartmann1999constraining,
  author={Hartmann, H W and Heise, J and Kahabka, P and Motch, C and Parmar, A N},
  journal={\textit{\AnA}},
  volume={346},
  number={1},
  pages={125},
  year={1999}
}

@article{jethwa2015pile,
  author={Jethwa, P and Saxton, R and Guainazzi, M and Rodriguez-Pascual, P and Stuhlinger, M},
  journal={\textit{\AnA}},
  volume={581},
  number={1},
  pages={A104},
  year={2015}
}

@article{mateos2009statistical,
  author={Mateos, S and Saxton, R D and Read, A M and Sembay, S},
  journal={\textit{\AnA}},
  volume={496},
  number={3},
  pages={879},
  year={2009}
}

@article{ness2020complications,
  author={Ness, Jan-Uwe},
  journal={\textit{\ASR}},
  volume={66},
  number={5},
  pages={1202},
  year={2020}
}

@article{stecchini2023revisiting,
  author={Stecchini, Paulo E and Perez Diaz, M and D’Amico, Flavio and Jablonski, Francisco},
  journal={\textit{\MNRAS}},
  volume={522},
  number={3},
  pages={3472},
  year={2023}
}

@article{motchXmmNewton2002AA,
  author={Motch, C and Bearda, H and Neiner, C},
  journal={\textit{\AnA}},
  volume={393},
  number={3},
  pages={913},
  year={2002}
}

@article{beardaChandra2002AA,
  author={Bearda, Henk and Hartmann, Wouter and Ebisawa, Ken and Heise, John and Kaastra, Jelle and van der Meer, Rob and Verbunt, Frank and Motch, Christian},
  journal={\textit{\AnA}},
  volume={385},
  number={2},
  pages={511},
  year={2002}
}

@article{ebisawaAsca2001ApJ,
  author={Ebisawa, Ken and Mukai, Koji and Kotani, Taro and Asai, Kazumi and Dotani, Tadayasu and Nagase, Fumiaki and Hartmann, HW and Heise, J and Kahabka, P and Van Teeseling, A},
  journal={\textit{\ApJ}},
  volume={550},
  number={2},
  pages={1007},
  year={2001}
}

@article{orioNicer2022ApJ,
  author={Orio, M and Gendreau, K and Giese, M and Luna, G J M and Magdolen, J and Pei, S and Sun, B and Behar, E and Dobrotka, A and Mikolajewska, J and Pasham, D R and Strohmayer, T E},
  journal={\textit{\ApJ}},
  volume={932},
  number={1},
  pages={45},
  year={2022}
}

@article{bearden1967reevaluation,
  author={Bearden, J A and Burr, A F},
  journal={\textit{\RMP}},
  volume={39},
  number={1},
  pages={125},
  year={1967}
}

@article{juett2006high,
  author={Juett, Adrienne M and Schulz, Norbert S and Chakrabarty, Deepto and Gorczyca, Thomas W},
  journal={\textit{\ApJ}},
  volume={648},
  number={2},
  pages={1066},
  year={2006}
}

@article{prodhani2018galactic,
  author={Prodhani, Nandita and Baruah, Monmoyuri},
  journal={\textit{\Pram}},
  volume={90},
  number={2},
  pages={1},
  year={2018}
}

@article{wilms2000tbabs,
  author={Wilms, J and Allen, A and McCray, R},
  journal={\textit{\ApJ}},
  volume={542},
  number={2},
  pages={914},
  year={2000}
}

@article{gatuzz2015ismabs,
  author={Gatuzz, E and Garc\'{i}a, J and Kallman, T R and Mendoza, C and Gorczyca, T W},
  journal={\textit{\ApJ}},
  volume={800},
  number={1},
  pages={29},
  year={2015}
}

@article{bhattacharya2020python,
  author={Bhattacharya, Parag and Lyngdoh, Bansy M and Nongrum, Jessica I and Misra, Ranjeev and Baruah, Monmoyuri},
  journal={\textit{\AJET}},
  volume={9},
  number={2},
  pages={1},
  year={2020}
}

@article{bhattacharya2017supersoft,
  author={Bhattacharya, Parag and Baruah, Monmoyuri},
  journal={\textit{\JAFS}},
  volume={3},
  number={1},
  pages={30},
  year={2017}
}

@article{ginsburg2019astroquery,
  author={Ginsburg, Adam and Sip{\H{o}}cz, Brigitta M and Brasseur, CE and Cowperthwaite, Philip S and Craig, Matthew W and Deil, Christoph and Groener, Austen M and Guillochon, James and Guzman, Giannina and Liedtke, Simon and Lim, Pey Lian and Lockhart, Kelly E and Mommert, Michael and Morris, Brett M and Norman, Henrik and Parikh, Madhura and Persson, Magnus V and Robitaille, Thomas P and Segovia, Juan-Carlos and Singer, Leo P and Tollerud, Erik J and de Val-Borro, Miguel and Valtchanov, Ivan and Woillez, Julien},
  journal={\textit{\AnJ}},
  volume={157},
  number={3},
  pages={98},
  year={2019}
}

@article{robitaille2013astropy,
  author={Robitaille, Thomas P and Tollerud, Erik J and Greenfield, Perry and Droettboom, Michael and Bray, Erik and Aldcroft, Tom and Davis, Matt and Ginsburg, Adam and Price-Whelan, Adrian M and Kerzendorf, Wolfgang E and Conley, Alexander and Crighton, Neil and Barbary, Kyle and Muna, Demitri and Ferguson, Henry and Grollier, Fr\'{e}d\'{e}ric and Parikh, Madhura M and Nair, Prasanth H and G\"{u}nther, Hans M and Deil, Christoph ans Woillez, Julien and Conseil, Simon and Kramer, Roban and Turner, James E H and Singer, Leo and Fox, Ryan and Weaver, Benjamin A and Zabalza, Victor and Edwards, Zachary I and Bostroem, K. Azalee and Burke, D J and Casey, Andrew R and Crawford, Steven M and Dencheva, Nadia and Ely, Justin and Jenness, Tim and Labrie, Kathleen and Lim, Pey Lian and Pierfederici, Francesco and Pontzen, Andrew and Ptak, Andy and Refsdal, Brian and Servillat, Mathieu and Streicher, Ole},
  journal={\textit{\AnA}},
  volume={558},
  number={1},
  pages={A33},
  year={2013}
}

@techreport{ralchenko2008nist,
  title={{NIST} {A}tomic {S}pectra {D}atabase ver. 3.1.5},
  author={Ralchenko, Yu and Kramida, A E and Reader, J},
  version={3.1.5},
  institution={National Institute of Standards and Technology},
  year={2008}
}

@article{cunto1993topbase,
  author={Cunto, W and Mendoza, C and Ochsenbein, F and Zeippen, C J},
  journal={\textit{\AnA}},
  volume={275},
  number={1},
  pages={L5},
  year={1993}
}

@manual{de2019users,
  title={Users Guide to the XMM-Newton Science Analysis System},
  author={de la Calle, I and Loiseau, N},
  year={2019},
  note={Available at \url{https://xmm-tools.cosmos.esa.int/external/xmm_user_support/documentation/sas_usg/USG/}},
  organization={XMM-Newton Science Operations Centre}
}

@conference{barrett1993heasarc,
  title={{HEASARC the High Energy Astrophysics Science Archive Research Center}},
  author={Barrett, P},
  booktitle={Cataclysmic Variables and Related Physics},
  volume={10},
  pages={276},
  year={1993}
}

@article{arviset2002xmm,
  author={Arviset, C and Guainazzi, M and Hernandez, J and Dowson, J and Osuna, P and Venet, A},
  title={{The XMM-Newton Science Archive}},
  year={2002},
  eprint={astro-ph/0206412},
  archivePrefix={arXiv},
  primaryClass={astro-ph}
}

@techreport{chiappetti2018definition,
  title={{Definition of the Flexible Image Transport System (FITS) The FITS Standard ver. 4.0}},
  author={Chiappetti, Lucio and Currie, Malcolm J and Allen, Steve and Dobrtzycki, Adam and Pence, William D and Rots, Arnold and Shaw, Richard and Thompson, William D},
  version={4.0},
  institution={IAU FITS Working Group},
  year={2018}
}

@inproceedings{rauchALI,
  author={Werner, K and Deetjen, J L and Dreizler, S and Nagel, T and Rauch, T and Schuh, S L},
  booktitle={Stellar Atmosphere Modeling},
  editor={Hubeny, Ivan and Mihalas, Dimitri and Werner, Klaus},
  volume={288},
  pages={31},
  year={2003}
}

@misc{rauchFITS,
  author={Rauch, Thomas},
  howpublished="\url{http://astro.uni-tuebingen.de/~rauch/TMAF/flux_HHeCNONeMgSiS_gen.html}",
  note="private email communication, dated 2016-07-21"
}

@manual{wernerTMAP,
  title={{A Users’s Guide to the T\"{u}bingen NLTE Model Atmosphere Package}},
  author={Werner, K and Rauch, T and Dreizler, S},
  year={1998},
  note={Available at \url{http://astro.uni-tuebingen.de/~rauch}},
  organization={Institut f\"{u}r Astronomie und Astrophysik, Universit\"{a}t T\"{u}bingen}
}

@article{swind1,
  author={Gierli\'{n}ski, Marek and Done, Chris},
  journal={\textit{\MNRAS}},
  volume={371},
  number={1},
  pages={L16},
  year={2006}
}

@article{liedahl,
  author={Liedahl, Duane A and Osterheld, Albert L and Goldstein, William H},
  journal={\textit{\ApJ}},
  volume={438},
  number={2},
  pages={L115},
  year={1995}
}

@article{meka,
  author={Mewe, R and Gronenschild, E H B M and van den Oord, G H J},
  journal={\textit{\AnASS}},
  volume={62},
  number={1},
  pages={197},
  year={1985}
}

@article{smithAPEC,
  author={Smith, Randall K and Brickhouse, Nancy S and Liedahl, Duane A and Raymond, John C},
  journal={\textit{\ApJ}},
  volume={556},
  number={2},
  pages={L91},
  year={2001}
}

@article{hasogluXS,
  author={Haso\u{g}lu, M F and Abdel-Naby, Sh A and Gatuzz, E and Garc\'{i}a, J and Kallman, T R and Mendoza, C and Gorczyca, T W},
  journal={\textit{\ApJ}},
  volume={214},
  number={1},
  pages={8},
  year={2014}
}

@article{kortrightXS,
  author={Kortright, J B and Kim, Sang-Koog},
  journal={\textit{\PRB}},
  volume={62},
  number={18},
  pages={12216},
  year={2000}
}

@inproceedings{gorczycaXS3,
  author={Gorczyca, T W},
  booktitle={X-ray Diagnostics of Astrophysical Plasmas: Theory, Experiment, and Observation},
  editor={Smith, Randall},
  volume={774},
  pages={223},
  year={2005}
}

@article{gorczycaXS2,
  author={Gorczyca, T W},
  journal={\textit{\PRA}},
  volume={61},
  number={2},
  pages={024702},
  year={2000}
}

@article{gatuzzXS,
  author={Gatuzz, E and Garc\'{\i}a, J and Mendoza, C and Kallman, T R and Witthoeft, M and Lohfink, A and Bautista, M A and Palmeri, P and Quinet, P},
  journal={\textit{\ApJ}},
  volume={768},
  number={1},
  pages={60},
  year={2013}
}

@article{garciaXS2,
  author={Garc\'{i}a, J and Mendoza, C and Bautista, M A and Gorczyca, T W and Kallman, T R and Palmeri, P},
  journal={\textit{\ApJSS}},
  volume={158},
  number={1},
  pages={68},
  year={2005}
}

@article{gorczycaXS1,
  author={Gorczyca, T W and Bautista, M A and Hasoglu, M F and Garc\'{i}a, J and Gatuzz, E and Kaastra, J S and Kallman, T R and Manson, S T and Mendoza, C and Raassen, A J J and de Vries, C P and Zatsarinny, O},
  journal={\textit{\ApJ}},
  volume={779},
  number={1},
  pages={78},
  year={2013}
}

@article{garciaXS1,
  author={Garc\'{i}a, J and Kallman, T R and Witthoeft, M and Behar, E and Mendoza, C and Palmeri, P and Quinet, P and Bautista, M A and Klapisch, M},
  journal={\textit{\ApJSS}},
  volume={185},
  number={2},
  pages={477},
  year={2009}
}

@article{witthoeftXS1,
  author={Witthoeft, M C and Bautista, M A and Mendoza, C and Kallman, T R and Palmeri, P and Quinet, P},
  journal={\textit{\ApJSS}},
  volume={182},
  number={1},
  pages={127},
  year={2009}
}

@article{witthoeftXS2,
  author={Witthoeft, M C and Garc\'{i}a, J and Kallman, T R and Bautista, M A and Mendoza, C and Palmeri, P and Quinet, P},
  journal={\textit{\ApJSS}},
  volume={192},
  number={1},
  pages={7},
  year={2011}
}

@article{vernerXS,
  author={Verner, D A and Yakovlev, D G},
  journal={\textit{\AnASS}},
  volume={109},
  number={1},
  pages={125},
  year={1995}
}

@manual{xspecManualv12_9_1,
  title={{XSPEC: An X-Ray Spectral Fitting Package}},
  author={Arnaud, Keith and Dorman, Ben and Gordon, Craig},
  year={2017},
  note={Available at \url{https://heasarc.gsfc.nasa.gov/xanadu/xspec/manual/XspecManual.html}},
  organization={Astrophysics Science Division, HEASARC}
}

@article{kudritzki2000winds,
  author={Kudritzki, Rolf-Peter and Puls, Joachim},
  journal={\textit{\ARAA}},
  volume={38},
  number={1},
  pages={613},
  year={2000}
}

@incollection{overviewXrays,
  author={Staubert, R and Tr\"{u}mper, J},
  booktitle={The Universe in X-rays},
  editor={Tr\"{u}mper, J and Hasinger, G},
  pages={3},
  publisher={Springer Science \& Business Media},
  year={2008}
}

@article{lanz2005,
  author={Lanz, Thierry and Telis, Gisela A and Audard, Marc and Paerels, Frits and Rasmussen, Andrew P and Hubeny, Ivan},
  journal={\textit{\ApJ}},
  volume={619},
  number={1},
  pages={517},
  year={2005}
}

@article{orio2004,
  author={Orio, Marina and Ebisawa, Ken and Heise, John and Hartmann, Wouter},
  year={2004},
  eprint={astro-ph/0402040},
  archivePrefix={arXiv},
  primaryClass={astro-ph}
}

@article{schwarz2004,
  author={Schwarz, Robert and Reinsch, Klaus},
  journal={\textit{\ANS}},
  volume={325},
  number={1},
  pages={107},
  year={2004}
}

@article{seward81,
  author={Seward, F D and Mitchell, Melanie},
  journal={\textit{\ApJ}},
  volume={243},
  number={1},
  pages={736},
  year={1981}
}

@article{hachisu96,
  author={Hachisu, I and Kato, Mariko and Nomoto, K},
  journal={\textit{\ApJ}},
  volume={470},
  number={2},
  pages={L97},
  year={1996}
}

@article{paczynski71,
  author={Paczynski, B},
  journal={\textit{\ARAA}},
  volume={9},
  number={1},
  pages={183},
  year={1971}
}

@article{greiner2000catalog,
  author={Greiner, Jochen},
  journal={\textit{\NA}},
  volume={5},
  number={3},
  pages={137},
  year={2000}
}

@article{sion94,
  author={Sion, Edward M and Starrfield, Sumner G},
  journal={\textit{\ApJ}},
  volume={421},
  number={1},
  pages={261},
  year={1994}
}

@inproceedings{distefano96,
  author={di Stefano, R and Nelson, L A},
  booktitle={Supersoft X-Ray Sources},
  editor={Greiner, Jochen},
  volume={472},
  pages={3},
  year={1996}
}

@incollection{starrfield89,
  author={Starrfield, Sumner and Iliadis, Christian and Hix, W Raphael},
  booktitle={Classical Novae},
  editor={Bode, Michael and Evans, Aneurin},
  series={\textit{Cambridge Astrophysics Series}},
  number={\textbf{43}},
  pages={77},
  publisher={Cambridge University Press},
  year={2008}
}

@article{krautter96,
  author={Krautter, J and \"{O}gelman, H and Starrfield, Sumner and Wichmann, R and Pfeffermann, E},
  journal={\textit{\ApJ}},
  volume={456},
  number={1},
  pages={788},
  year={1996}
}

@article{balman98,
  author={Balman, \c{S}\"{o}len and Krautter, Joachim and Oegelman, Hakki},
  journal={\textit{\ApJ}},
  volume={499},
  number={1},
  pages={395},
  year={1998}
}

@inproceedings{ebisawa1996,
  author={Ebisawa, K and Asai, K and Mukai, K and Smale, A and Dotani, T and Hartmann, H W and Heise, J},
  booktitle={Supersoft X-Ray Sources},
  editor={Greiner, Jochen},
  volume={472},
  pages={91},
  year={1996}
}


@article{morrison1983wabs,
    title    = "Interstellar {P}hotoelectric {A}bsorption {C}ross {S}ections, 0.03-10 ke{V}",
    author   = "Morrison, Robert and McCammon, Dan",
    journal  = "The Astrophysical Journal",
    volume   = "270",
    pages    = "119--122",
    year     = "1983"
}



@article{martin1960energy,
	title	="Energy levels and spectrum of neutral helium (4{H}e {I})",
	author	="Martin, William C",
	journal	="J. Res. Natl. Bur. Stand. Sect. A",
	volume	="64",
	pages	="19--28",
	year	="1960"
}

@article{oreiro2004asteroseismology,
	title	="Asteroseismology of {H}ot {S}ubdwarf {S}tars",
	author	="Oreiro Rey, Raquel and Rodr{\'\i}guez L{\'o}pez, C and Ulla, A and P{\'e}rez Hern{\'a}andez, F and Garrido, R and Manteiga, M and MacDonald, J",
	journal	="Lecture Notes and Essays in Astrophysics",
	volume	="1",
	pages	="133--142",
	year	="2004"
}

@article{greenstein1968stellar,
	title	="Stellar atmospheres",
	author	="Greenstein, Jesse L",
	journal	="Stars and Stellar Systems, Chicago: University of Chicago Press, 1960 [1964, 1968], edited by Greenstein, Jesse L.",
	year	="1968"
}

@article{lanz2007grid,
	title	="A grid of {NLTE} line-blanketed model atmospheres of early {B}-type stars",
	author	="Lanz, Thierry and Hubeny, Ivan",
	journal	="The Astrophysical Journal Supplement Series",
	volume	="169",
	number	="1",
	pages	="83",
	year	="2007",
	publisher="IOP Publishing"
}

@article{motch94,
    title    = "Discovery of a luminous galactic supersoft X-ray source in the ROSAT all-sky survey",
    author   = "Motch, C and Hasinger, G and Pietsch, W",
    journal  = "Astronomy and Astrophysics",
    volume   = "284",
    pages    = "827--838",
    year     = "1994"
}

@article{hartmann99,
    title    = "Constraining the spectral parameters of RX J0925.7-4758 with the BeppoSAX LECS",
    author   = "Hartmann, HW and Heise, J and Kahabka, P and Motch, C and Parmar, AN",
    journal  = "Astronomy and Astrophysics",
    volume   = "346",
    pages    = "125--133",
    year     = "1999"
}

@article{bearda02,
    title    = "The complex X-ray spectrum of the supersoft source MR Vel",
    author   = "Bearda, H and Hartmann, W and Ebisawa, K and Heise, J and Kaastra, J and van der Meer, R and Verbunt, F and Motch, C",
    journal  = "Astronomy and Astrophysics",
    volume   = "385",
    pages    = "511--516",
    year     = "2002"
}

@article{motch02,
    title    = "XMM-Newton observations of MR Vel/RX J0925.7-4758",
    author   = "Motch, C and Bearda, H and Neiner, C",
    journal  = "Astronomy and Astrophysics",
    volume   = "393",
    pages    = "913--920",
    year     = "2002"
}

@book{leblanc2011introduction,
  title      = "An {I}ntroduction to {S}tellar {A}strophysics",
  author     = "LeBlanc, Francis",
  year       = "2011",
  publisher  = "John Wiley \& Sons"
}

@book{hubenystellaratmos,
    author   = "Hubeny, I and Mihalas, D",
    title    = "Theory of {S}tellar {A}tmospheres",
    year     = "2014",
    publisher= "Princeton Publishing"
}

@article{hubeny2017brief,
  title      = "A brief introductory guide to {TLUSTY} and {SYNSPEC}",
  author     = "Hubeny, Ivan and Lanz, Thierry",
  journal    = "arXiv preprint arXiv:1706.01859",
  year       = "2017"
}


@article{rauch03,
    title    = "Handling of Atomic Data",
    author   = "Rauch, T and Deetjen, JL",
    journal  = "Stellar Atmosphere Modelling, ASP Conference Series",
    volume   = "288",
    pages    = "103--116",
    year     = "2003"
}

@booklet{xspecManualv12_9,
    title    = "X{SPEC}: {A}n {X}-{R}ay {S}pectral {F}itting {P}ackage",
    author   = "Arnaud, Keith and Dorman, Ben and Gordon, Craig",
    year     = "2015",
    publisher= "HEASARC"
}

@article{suleimanov03,
    title    = "Supersoft X-ray Soures: Basic Parameters",
    author   = "Suleimanov, VF and Ibragimov, AA",
    journal  = "Astronomy Report",
    volume   = "47",
    pages    = "197--211",
    year     = "2003"
}

@booklet{spexManualv3_03,
    title    = "S{PEX} {R}eference {M}anual",
    author   = "Kaastra, Jelle and Mewe, Rolf and Raassen, Ton and de Plaa, Jelle",
    year     = "2013",
    publisher= "SRON"
}

@book{trumper08universe,
    editor   = "Tr{\"u}mper, J and Hasinger, G",
    title    = "The Universe in {X}-rays",
    year     = "2008",
    publisher= "Springer Science \& Business Media"
}

@incollection{krautter08,
    title    = "Classical {N}ovae",
    author   = "Krautter, J",
    booktitle= "The Universe in X-rays",
    editor   = "Tr{\"u}mper, J and Hasinger, G",
    pages    = "169--182",
    year     = "2008",
    publisher= "Springer Science \& Business Media"
}





@article{heise94,
    title    = "The spectra and luminosity of super-soft {X}-ray sources",
    author   = "Heise, J and Teeseling, A van and Kahabka, P",
    journal  = "Astronomy and Astrophysics",
    volume   = "288",
    pages    = "L45--L48",
    year     = "1994"
    
}

@article{oegelman84,
    title    = "The detection of {X}-rays from {Nova MUSCAE} 1983 with the {EXOSAT} satellite",
    author   = "{\"O}gelman, H and Beuermann, K and Krautter, J",
    journal  = "The Astrophysical Journal",
    volume   = "287",
    pages    = "L31--L34",
    year     = "1984"
}










@article{wang92,
    title    = "A comprehensive {X}-ray study of the {S}mall {M}agellanic {C}loud",
    author   = "Wang, Qingde and Wu, Xiaoyi",
    journal  = "The Astrophysical Journal Supplement Series",
    volume   = "78",
    pages    = "391--401",
    year     = "1992"
}

@article{smale88,
    title    = "C{AL} 83: a 1-day period low-mass {X}-ray binary in the {LMC}",
    author   = "Smale, AP and Corbet, RHD and Charles, PA and Ilovaisky, SA and Mason, KO and Motch, C and Mukai, K and Naylor, T and Parmar, AN and van der Klis, M and others",
    journal  = "Monthly Notices of the Royal Astronomical Society",
    volume   = "233",
    number   = "1",
    pages    = "51--63",
    year     = "1988",
    publisher= "Oxford University Press"
}





@misc{greiner2000catalogOnline,
    title    = "Catalog of supersoft {X}-ray sources",
    author   = "Greiner, Jochen",
    howpublished= "\url{http://www.mpe.mpg.de/~jcg/sss/ssscat.html}",
    year     = "2000",
    note     = "[Online; accessed June 2016]"
}

@article{kahabka05,
    author  = "Kahabka, P",
    title   = "Supersoft {X}-ray {S}ources",
    month   = "November",
    year    = "2006",
    journal = "Advances in Space Research",
    volume  = "38",
    pages   = "2836--2839"
}

@article{friedman51,
    author  = "Friedman, H and Lichtman, SW and Byram, ET",
    title   = "Photon counter measurements of solar {X}-rays and extreme ultraviolet light",
    journal = "Physical Review",
    volume  = "83",
    number  = "5",
    pages   = "1025--1030",
    year    = "1951",
    publisher= "APS"
}

@article{giacconi62,
    author  = "Giacconi, R and Gursky, H and Paolini, F and Rossi, B",
    title   = "Evidence for {X}-rays from sources outside the solar system",
    journal = "Physical Review Letters",
    volume  = "9",
    number  = "11",
    pages   = "439--443",
    year    = "1962",
    publisher= "APS"
}



@article{rosatAllSkyXSurvey,
    author  = "Voges, W",
    title   = "The {ROSAT} {A}ll-{S}ky {X}-ray {S}urvey",
    journal = "Environment Observation and Climate Modelling Through International Space Projects",
    year    = "1992",
    editor  = "Guyenne, T and Hunt, J",
    month   = "July"
}



@booklet{astrosatHandbook,
    title   = "{ASTROSAT} Handbook ver 1.6",
    address = "Indian Space Research Organisation",
    month   = "December",
    year    = "2014"
}

@booklet{astrosatOutreach,
    title   = "{ASTROSAT}: {T}he {I}ndian {A}stronomy {M}ission",
    author  = "Ramanujam, N and Mandal, S and Megala, S and Dhurde, S and Seetha, S",
    address = "Indian Space Research Organisation",
    month   = "December",
    year    = "2014"
}

@article{agrawal06,
    author  = "Agrawal, PC",
    title   = "A broad spectral band {I}ndian {A}stronomy satellite {‘Astrosat’}",
    year    = "2006",
    journal = "Advances in Space Research",
    volume  = "38",
    pages   = "2989--2994"
}

@article{anders1989abundances,
  title     = "Abundances of the elements: {M}eteoritic and solar",
  author    = "Anders, Edward and Grevesse, Nicolas",
  journal   = "Geochimica et Cosmochimica acta",
  volume    = "53",
  number    = "1",
  pages     = "197--214",
  year      = "1989",
  publisher = "Elsevier"
}

@article{bearda2002,
    title    = "The complex {X}-ray spectrum of the supersoft source {MR V}el",
    author   = "Bearda, H and Hartmann, W and Ebisawa, K and Heise, J and Kaastra, J and van der Meer, R and Verbunt, F and Motch, C",
    journal  = "Astronomy and Astrophysics",
    volume   = "385",
    pages    = "511--516",
    year     = "2002"
}

@article{motch2002,
    title    = "X{MM-N}ewton observations of {MR V}el/{RX J}0925.7-4758",
    author   = "Motch, C and Bearda, H and Neiner, C",
    journal  = "Astronomy and Astrophysics",
    volume   = "393",
    pages    = "913--920",
    year     = "2002"
}




@article{tlustymanualI,
    author   = "Hubeny, I and Lanz, T",
    title    = "A brief introductory guide to {TLUSTY} and {SYNSPEC}",
    journal  = "ArXiv e-prints",
    year     = "2017",
    month    = "June",
    howpublished= "\url{arxiv.org/abs/1706.01859}",
}